<record xmlns="http://www.loc.gov/MARC21/slim" xmlns:xsi="http://www.w3.org/2001/XMLSchema-instance" xsi:schemaLocation="http://www.loc.gov/MARC21/slim http://www.loc.gov/standards/marcxml/schema/MARC21slim.xsd"><leader>00323nz   2200109n  4500</leader><controlfield tag="001">oca05329236 </controlfield><controlfield tag="005">20001006053010.0</controlfield><controlfield tag="008">000926n| acannaabn          |n aaa      </controlfield><datafield ind1=" " ind2=" " tag="010"><subfield code="a">nb 99167287 </subfield></datafield><datafield ind1=" " ind2=" " tag="040"><subfield code="a">Uk</subfield><subfield code="b">eng</subfield><subfield code="c">Uk</subfield></datafield><datafield ind1="0" ind2=" " tag="100"><subfield code="a">Nikarchos,</subfield><subfield code="d">1st cent.</subfield></datafield><datafield ind1="0" ind2=" " tag="400"><subfield code="a">Nicarchus</subfield><subfield code="c">II</subfield></datafield><datafield ind1=" " ind2=" " tag="670"><subfield code="a">Die Epigramme des Nikarchos, c1999:</subfield><subfield code="b">t.p. (Nikarchos) p. 13 (lived ca. 30-100)</subfield></datafield></record>